<?xml version="1.0" encoding="UTF-8"?>
<!DOCTYPE html PUBLIC "-//W3C//DTD XHTML 1.0 Transitional//EN"
    "http://www.w3.org/TR/xhtml1/DTD/xhtml1-transitional.dtd">
<html xmlns="http://www.w3.org/1999/xhtml" xml:lang="en" lang="en">
 <head>
  <title>
</title>
<meta http-equiv="Content-Type" content="text/html;charset=utf-8" />
  <meta name='ocr-system' content='tesseract 3.04.00' />
  <meta name='ocr-capabilities' content='ocr_page ocr_carea ocr_par ocr_line ocrx_word'/>
</head>
<body>
  <div class='ocr_page' id='page_1' title='image "./phaedrifabulaef00pollgoog_0013.png"; bbox 0 0 2880 4756; ppageno 0'>
   <div class='ocr_carea' id='block_1_1' title="bbox 648 193 796 252">
    <p class='ocr_par' dir='ltr' id='par_1_1' title="bbox 648 193 796 252">
     <span class='ocr_line' id='line_1_1' title="bbox 648 193 796 252; baseline 0.027 -4"><span class='ocrx_word' id='word_1_1' title='bbox 648 193 796 252; x_wconf 77' lang='lat' dir='ltr'>INHALT.</span> 
     </span>
    </p>
   </div>
   <div class='ocr_carea' id='block_1_2' title="bbox 632 435 1430 504">
    <p class='ocr_par' dir='ltr' id='par_1_2' title="bbox 632 435 1430 504">
     <span class='ocr_line' id='line_1_2' title="bbox 632 435 1430 504; baseline 0.003 -11"><span class='ocrx_word' id='word_1_2' title='bbox 632 435 741 494; x_wconf 86' lang='lat' dir='ltr'>Liber</span> <span class='ocrx_word' id='word_1_3' title='bbox 762 435 801 495; x_wconf 85' lang='grc' dir='ltr'>Π.</span> <span class='ocrx_word' id='word_1_4' title='bbox 1243 463 1308 504; x_wconf 55' lang='grc'>533</span> <span class='ocrx_word' id='word_1_5' title='bbox 1427 449 1430 453; x_wconf 86' lang='grc'><strong>’</strong></span> 
     </span>
    </p>
   </div>
   <div class='ocr_carea' id='block_1_3' title="bbox 129 530 1306 1223">
    <p class='ocr_par' dir='ltr' id='par_1_3' title="bbox 129 530 1306 1223">
     <span class='ocr_line' id='line_1_3' title="bbox 130 530 1306 591; baseline 0.003 -6"><span class='ocrx_word' id='word_1_6' title='bbox 130 537 175 589; x_wconf 87' lang='grc'>30.</span> <span class='ocrx_word' id='word_1_7' title='bbox 299 530 407 588; x_wconf 83' lang='lat' dir='ltr'><strong>Auctor</strong></span> <span class='ocrx_word' id='word_1_8' title='bbox 436 574 1230 591; x_wconf 85' lang='grc'><strong>.......................</strong></span> <span class='ocrx_word' id='word_1_9' title='bbox 1271 540 1306 588; x_wconf 92' lang='grc'>20</span> 
     </span>
     <span class='ocr_line' id='line_1_4' title="bbox 130 621 1303 692; baseline 0.003 -18"><span class='ocrx_word' id='word_1_10' title='bbox 130 628 163 677; x_wconf 89' lang='grc'>31</span> <span class='ocrx_word' id='word_1_11' title='bbox 237 621 279 692; x_wconf 81' lang='lat' dir='ltr'>(l).</span> <span class='ocrx_word' id='word_1_12' title='bbox 297 621 448 676; x_wconf 81' lang='lat' dir='ltr'>Iuvencus:</span> <span class='ocrx_word' id='word_1_13' title='bbox 466 621 511 676; x_wconf 90' lang='lat' dir='ltr'>leo</span> <span class='ocrx_word' id='word_1_14' title='bbox 531 621 560 676; x_wconf 87' lang='lat' dir='ltr'>et</span> <span class='ocrx_word' id='word_1_15' title='bbox 577 621 729 691; x_wconf 77' lang='lat' dir='ltr'>praedator</span> <span class='ocrx_word' id='word_1_16' title='bbox 757 665 1227 679; x_wconf 89' lang='lat'><strong>..............</strong></span> <span class='ocrx_word' id='word_1_17' title='bbox 1269 628 1303 676; x_wconf 89' lang='grc'>21</span> 
     </span>
     <span class='ocr_line' id='line_1_5' title="bbox 129 707 1304 781; baseline -0.002 -16"><span class='ocrx_word' id='word_1_18' title='bbox 129 715 164 765; x_wconf 98' lang='grc'>32</span> <span class='ocrx_word' id='word_1_19' title='bbox 211 709 280 781; x_wconf 84' lang='lat' dir='ltr'>(lll).</span> <span class='ocrx_word' id='word_1_20' title='bbox 299 708 429 778; x_wconf 80' lang='lat' dir='ltr'>Aesopus</span> <span class='ocrx_word' id='word_1_21' title='bbox 447 708 483 763; x_wconf 89' lang='lat' dir='ltr'>ad</span> <span class='ocrx_word' id='word_1_22' title='bbox 502 707 642 778; x_wconf 77' lang='lat' dir='ltr'><strong>quendam</strong></span> <span class='ocrx_word' id='word_1_23' title='bbox 661 708 697 764; x_wconf 90' lang='lat' dir='ltr'>de</span> <span class='ocrx_word' id='word_1_24' title='bbox 715 726 844 766; x_wconf 89' lang='lat' dir='ltr'>successu</span> <span class='ocrx_word' id='word_1_25' title='bbox 861 711 1055 779; x_wconf 88' lang='lat' dir='ltr'>improborum</span> <span class='ocrx_word' id='word_1_26' title='bbox 1078 754 1228 768; x_wconf 89' lang='grc'><strong>.....</strong></span> <span class='ocrx_word' id='word_1_27' title='bbox 1270 716 1304 763; x_wconf 89' lang='grc'>22</span> 
     </span>
     <span class='ocr_line' id='line_1_6' title="bbox 129 797 1304 870; baseline 0.004 -19"><span class='ocrx_word' id='word_1_28' title='bbox 129 803 164 853; x_wconf 86' lang='grc'>33</span> <span class='ocrx_word' id='word_1_29' title='bbox 209 797 279 870; x_wconf 86' lang='lat' dir='ltr'><strong>(IV).</strong></span> <span class='ocrx_word' id='word_1_30' title='bbox 298 797 415 868; x_wconf 86' lang='lat' dir='ltr'>Aquila,</span> <span class='ocrx_word' id='word_1_31' title='bbox 434 797 504 853; x_wconf 89' lang='lat' dir='ltr'>feles</span> <span class='ocrx_word' id='word_1_32' title='bbox 524 800 553 853; x_wconf 89' lang='lat' dir='ltr'>et</span> <span class='ocrx_word' id='word_1_33' title='bbox 571 814 639 868; x_wconf 93' lang='lat' dir='ltr'>aper</span> <span class='ocrx_word' id='word_1_34' title='bbox 649 840 1228 857; x_wconf 90' lang='grc'><strong>.................</strong></span> <span class='ocrx_word' id='word_1_35' title='bbox 1269 805 1304 854; x_wconf 88' lang='grc'>32</span> 
     </span>
     <span class='ocr_line' id='line_1_7' title="bbox 130 886 1305 957; baseline 0.003 -16"><span class='ocrx_word' id='word_1_36' title='bbox 130 893 166 942; x_wconf 88' lang='grc'>34</span> <span class='ocrx_word' id='word_1_37' title='bbox 224 886 279 957; x_wconf 86' lang='lat' dir='ltr'>(V).</span> <span class='ocrx_word' id='word_1_38' title='bbox 299 886 402 943; x_wconf 81' lang='lat' dir='ltr'>Caesar</span> <span class='ocrx_word' id='word_1_39' title='bbox 419 887 455 941; x_wconf 86' lang='lat' dir='ltr'>ad</span> <span class='ocrx_word' id='word_1_40' title='bbox 474 887 626 942; x_wconf 74' lang='lat' dir='ltr'>atriensem</span> <span class='ocrx_word' id='word_1_41' title='bbox 651 930 1228 945; x_wconf 91' lang='grc'><strong>.................</strong></span> <span class='ocrx_word' id='word_1_42' title='bbox 1270 894 1305 942; x_wconf 97' lang='grc'>33</span> 
     </span>
     <span class='ocr_line' id='line_1_8' title="bbox 131 973 1305 1046; baseline 0.003 -17"><span class='ocrx_word' id='word_1_43' title='bbox 131 980 167 1030; x_wconf 88' lang='grc'>36</span> <span class='ocrx_word' id='word_1_44' title='bbox 212 975 280 1046; x_wconf 90' lang='lat' dir='ltr'>(VI).</span> <span class='ocrx_word' id='word_1_45' title='bbox 298 973 404 1044; x_wconf 87' lang='lat' dir='ltr'>Aquila</span> <span class='ocrx_word' id='word_1_46' title='bbox 423 979 453 1031; x_wconf 87' lang='lat' dir='ltr'>et</span> <span class='ocrx_word' id='word_1_47' title='bbox 470 975 567 1030; x_wconf 88' lang='lat' dir='ltr'>cornix</span> <span class='ocrx_word' id='word_1_48' title='bbox 577 1019 1228 1034; x_wconf 88' lang='grc'><strong>...................</strong></span> <span class='ocrx_word' id='word_1_49' title='bbox 1270 982 1305 1031; x_wconf 92' lang='grc'>36</span> 
     </span>
     <span class='ocr_line' id='line_1_9' title="bbox 132 1062 1305 1136; baseline 0.001 -18"><span class='ocrx_word' id='word_1_50' title='bbox 132 1069 167 1118; x_wconf 93' lang='grc'>36</span> <span class='ocrx_word' id='word_1_51' title='bbox 204 1062 281 1133; x_wconf 89' lang='lat' dir='ltr'>(Vll).</span> <span class='ocrx_word' id='word_1_52' title='bbox 300 1063 372 1119; x_wconf 88' lang='lat' dir='ltr'>Muli</span> <span class='ocrx_word' id='word_1_53' title='bbox 389 1063 445 1118; x_wconf 91' lang='lat' dir='ltr'>dno</span> <span class='ocrx_word' id='word_1_54' title='bbox 465 1065 493 1119; x_wconf 91' lang='grc'>33</span> <span class='ocrx_word' id='word_1_55' title='bbox 510 1065 638 1133; x_wconf 78' lang='lat' dir='ltr'>raptores</span> <span class='ocrx_word' id='word_1_56' title='bbox 650 1107 1229 1136; x_wconf 78' lang='grc'><strong><em>.................</em></strong></span> <span class='ocrx_word' id='word_1_57' title='bbox 1271 1069 1305 1119; x_wconf 91' lang='grc'>26</span> 
     </span>
     <span class='ocr_line' id='line_1_10' title="bbox 131 1151 1306 1223; baseline 0.003 -17"><span class='ocrx_word' id='word_1_58' title='bbox 131 1157 166 1206; x_wconf 89' lang='grc'>37</span> <span class='ocrx_word' id='word_1_59' title='bbox 187 1151 283 1223; x_wconf 77' lang='lat' dir='ltr'>(VIII).</span> <span class='ocrx_word' id='word_1_60' title='bbox 303 1152 406 1207; x_wconf 84' lang='lat' dir='ltr'>Cervus</span> <span class='ocrx_word' id='word_1_61' title='bbox 425 1153 461 1207; x_wconf 87' lang='lat' dir='ltr'>ad</span> <span class='ocrx_word' id='word_1_62' title='bbox 479 1151 565 1208; x_wconf 83' lang='lat' dir='ltr'>boves</span> <span class='ocrx_word' id='word_1_63' title='bbox 579 1196 1229 1213; x_wconf 88' lang='grc'><strong><em>...................</em></strong></span> <span class='ocrx_word' id='word_1_64' title='bbox 1271 1160 1306 1208; x_wconf 88' lang='grc'>26</span> 
     </span>
    </p>
   </div>
   <div class='ocr_carea' id='block_1_4' title="bbox 129 1239 1304 1311">
    <p class='ocr_par' dir='ltr' id='par_1_4' title="bbox 129 1239 1304 1311">
     <span class='ocr_line' id='line_1_11' title="bbox 129 1239 1304 1311; baseline 0 -16"><span class='ocrx_word' id='word_1_65' title='bbox 129 1245 174 1296; x_wconf 86' lang='grc'>38.</span> <span class='ocrx_word' id='word_1_66' title='bbox 299 1239 437 1311; x_wconf 82' lang='lat' dir='ltr'>Epilogus</span> <span class='ocrx_word' id='word_1_67' title='bbox 470 1283 1227 1299; x_wconf 85' lang='grc'><strong>......................</strong></span> <span class='ocrx_word' id='word_1_68' title='bbox 1270 1246 1304 1295; x_wconf 91' lang='grc'>27</span> 
     </span>
    </p>
   </div>
   <div class='ocr_carea' id='block_1_5' title="bbox 623 1463 813 1525">
    <p class='ocr_par' dir='ltr' id='par_1_5' title="bbox 623 1463 813 1525">
     <span class='ocr_line' id='line_1_12' title="bbox 623 1463 813 1525; baseline 0.021 -4"><span class='ocrx_word' id='word_1_69' title='bbox 623 1463 734 1523; x_wconf 87' lang='lat' dir='ltr'>Liber</span> <span class='ocrx_word' id='word_1_70' title='bbox 757 1463 813 1525; x_wconf 92' lang='lat' dir='ltr'><strong>III.</strong></span> 
     </span>
    </p>
   </div>
   <div class='ocr_carea' id='block_1_6' title="bbox 128 1560 1306 2785">
    <p class='ocr_par' dir='ltr' id='par_1_6' title="bbox 128 1560 1306 2785">
     <span class='ocr_line' id='line_1_13' title="bbox 129 1560 1305 1632; baseline 0 -17"><span class='ocrx_word' id='word_1_71' title='bbox 129 1565 165 1615; x_wconf 88' lang='grc'>30</span> <span class='ocrx_word' id='word_1_72' title='bbox 265 1561 308 1630; x_wconf 76' lang='grc' dir='ltr'>(Ι).</span> <span class='ocrx_word' id='word_1_73' title='bbox 328 1560 405 1615; x_wconf 90' lang='lat' dir='ltr'>Anus</span> <span class='ocrx_word' id='word_1_74' title='bbox 424 1560 460 1616; x_wconf 91' lang='lat' dir='ltr'>ad</span> <span class='ocrx_word' id='word_1_75' title='bbox 479 1562 643 1632; x_wconf 84' lang='lat' dir='ltr'>amphoram</span> <span class='ocrx_word' id='word_1_76' title='bbox 650 1603 1228 1620; x_wconf 84' lang='grc'><strong>.................</strong></span> <span class='ocrx_word' id='word_1_77' title='bbox 1270 1565 1305 1615; x_wconf 87' lang='grc'>28</span> 
     </span>
     <span class='ocr_line' id='line_1_14' title="bbox 129 1646 1304 1720; baseline 0.003 -18"><span class='ocrx_word' id='word_1_78' title='bbox 129 1652 165 1703; x_wconf 97' lang='grc'>40</span> <span class='ocrx_word' id='word_1_79' title='bbox 254 1649 312 1720; x_wconf 89' lang='grc' dir='ltr'>(ΙΙ),</span> <span class='ocrx_word' id='word_1_80' title='bbox 331 1646 474 1704; x_wconf 79' lang='lat' dir='ltr'>Panthera</span> <span class='ocrx_word' id='word_1_81' title='bbox 492 1651 521 1703; x_wconf 90' lang='lat' dir='ltr'>et</span> <span class='ocrx_word' id='word_1_82' title='bbox 538 1652 665 1719; x_wconf 89' lang='lat' dir='ltr'>pastores</span> <span class='ocrx_word' id='word_1_83' title='bbox 686 1690 1228 1707; x_wconf 90' lang='grc'><strong>................</strong></span> <span class='ocrx_word' id='word_1_84' title='bbox 1270 1654 1304 1702; x_wconf 88' lang='grc'>29</span> 
     </span>
     <span class='ocr_line' id='line_1_15' title="bbox 129 1738 1306 1808; baseline 0 -16"><span class='ocrx_word' id='word_1_85' title='bbox 129 1743 164 1792; x_wconf 88' lang='grc'>41</span> <span class='ocrx_word' id='word_1_86' title='bbox 255 1738 655 1808; x_wconf 86' lang='lat' dir='ltr'>(V).Aesopusetpetulans</span> <span class='ocrx_word' id='word_1_87' title='bbox 687 1782 693 1795; x_wconf 92' lang='lat'><strong>.</strong></span> <span class='ocrx_word' id='word_1_88' title='bbox 724 1782 730 1795; x_wconf 94' lang='lat'>.</span> <span class='ocrx_word' id='word_1_89' title='bbox 830 1781 837 1794; x_wconf 89' lang='lat'><strong>.</strong></span> <span class='ocrx_word' id='word_1_90' title='bbox 866 1782 872 1794; x_wconf 90' lang='lat'><strong>.</strong></span> <span class='ocrx_word' id='word_1_91' title='bbox 901 1782 907 1793; x_wconf 93' lang='lat'>.</span> <span class='ocrx_word' id='word_1_92' title='bbox 937 1781 943 1796; x_wconf 89' lang='lat'><em>.</em></span> <span class='ocrx_word' id='word_1_93' title='bbox 973 1782 980 1795; x_wconf 94' lang='lat'><strong>.</strong></span> <span class='ocrx_word' id='word_1_94' title='bbox 1008 1782 1014 1795; x_wconf 92' lang='lat'><strong>.</strong></span> <span class='ocrx_word' id='word_1_95' title='bbox 1044 1781 1051 1795; x_wconf 91' lang='lat'><strong>.</strong></span> <span class='ocrx_word' id='word_1_96' title='bbox 1080 1781 1086 1794; x_wconf 92' lang='lat'><strong>.</strong></span> <span class='ocrx_word' id='word_1_97' title='bbox 1116 1781 1122 1794; x_wconf 91' lang='lat'><strong>.</strong></span> <span class='ocrx_word' id='word_1_98' title='bbox 1151 1782 1157 1802; x_wconf 69' lang='grc'>,</span> <span class='ocrx_word' id='word_1_99' title='bbox 1187 1781 1193 1794; x_wconf 91' lang='grc'><strong>.</strong></span> <span class='ocrx_word' id='word_1_100' title='bbox 1222 1779 1243 1793; x_wconf 93' lang='grc'>..</span> <span class='ocrx_word' id='word_1_101' title='bbox 1271 1742 1306 1792; x_wconf 89' lang='grc'>30</span> 
     </span>
     <span class='ocr_line' id='line_1_16' title="bbox 129 1826 1305 1896; baseline 0.001 -16"><span class='ocrx_word' id='word_1_102' title='bbox 129 1831 165 1881; x_wconf 88' lang='grc'>42</span> <span class='ocrx_word' id='word_1_103' title='bbox 238 1826 308 1896; x_wconf 89' lang='lat' dir='ltr'><strong>(VI).</strong></span> <span class='ocrx_word' id='word_1_104' title='bbox 327 1827 425 1881; x_wconf 87' lang='lat' dir='ltr'>Musca</span> <span class='ocrx_word' id='word_1_105' title='bbox 444 1830 474 1882; x_wconf 92' lang='grc'>33</span> <span class='ocrx_word' id='word_1_106' title='bbox 491 1826 569 1882; x_wconf 89' lang='lat' dir='ltr'>mula</span> <span class='ocrx_word' id='word_1_107' title='bbox 579 1869 1227 1885; x_wconf 87' lang='grc'><strong>...................</strong></span> <span class='ocrx_word' id='word_1_108' title='bbox 1270 1831 1305 1880; x_wconf 86' lang='grc'>30</span> 
     </span>
     <span class='ocr_line' id='line_1_17' title="bbox 130 1914 1301 1985; baseline -0.001 -17"><span class='ocrx_word' id='word_1_109' title='bbox 130 1920 166 1970; x_wconf 90' lang='grc'>43</span> <span class='ocrx_word' id='word_1_110' title='bbox 225 1914 309 1984; x_wconf 88' lang='lat' dir='ltr'>(VH).</span> <span class='ocrx_word' id='word_1_111' title='bbox 328 1915 425 1985; x_wconf 84' lang='lat' dir='ltr'>Lupus</span> <span class='ocrx_word' id='word_1_112' title='bbox 443 1914 479 1969; x_wconf 85' lang='lat' dir='ltr'>ad</span> <span class='ocrx_word' id='word_1_113' title='bbox 499 1929 596 1968; x_wconf 88' lang='lat' dir='ltr'>canem</span> <span class='ocrx_word' id='word_1_114' title='bbox 613 1956 1225 1972; x_wconf 87' lang='grc'><strong>..................</strong></span> <span class='ocrx_word' id='word_1_115' title='bbox 1269 1920 1301 1968; x_wconf 90' lang='grc'>31</span> 
     </span>
     <span class='ocr_line' id='line_1_18' title="bbox 129 2002 1304 2074; baseline -0.001 -17"><span class='ocrx_word' id='word_1_116' title='bbox 129 2009 166 2058; x_wconf 88' lang='grc'>44</span> <span class='ocrx_word' id='word_1_117' title='bbox 216 2002 311 2074; x_wconf 85' lang='lat' dir='ltr'>(VIII).</span> <span class='ocrx_word' id='word_1_118' title='bbox 332 2002 416 2057; x_wconf 89' lang='lat' dir='ltr'>Soror</span> <span class='ocrx_word' id='word_1_119' title='bbox 434 2004 463 2056; x_wconf 88' lang='lat' dir='ltr'>et</span> <span class='ocrx_word' id='word_1_120' title='bbox 480 2002 580 2058; x_wconf 88' lang='lat' dir='ltr'>frater.</span> <span class='ocrx_word' id='word_1_121' title='bbox 615 2045 620 2057; x_wconf 93' lang='lat'><em>.</em></span> <span class='ocrx_word' id='word_1_122' title='bbox 651 2045 674 2062; x_wconf 68' lang='grc'>.,</span> <span class='ocrx_word' id='word_1_123' title='bbox 686 2044 1228 2059; x_wconf 91' lang='grc'><strong><em>................</em></strong></span> <span class='ocrx_word' id='word_1_124' title='bbox 1270 2009 1304 2057; x_wconf 88' lang='grc'>32</span> 
     </span>
     <span class='ocr_line' id='line_1_19' title="bbox 129 2089 1305 2162; baseline 0.001 -17"><span class='ocrx_word' id='word_1_125' title='bbox 129 2095 165 2146; x_wconf 90' lang='grc'>46</span> <span class='ocrx_word' id='word_1_126' title='bbox 238 2091 307 2162; x_wconf 89' lang='lat' dir='ltr'>(IX).</span> <span class='ocrx_word' id='word_1_127' title='bbox 328 2091 457 2146; x_wconf 85' lang='lat' dir='ltr'>Socrates</span> <span class='ocrx_word' id='word_1_128' title='bbox 475 2090 511 2146; x_wconf 92' lang='lat' dir='ltr'>ad</span> <span class='ocrx_word' id='word_1_129' title='bbox 530 2089 635 2144; x_wconf 89' lang='lat' dir='ltr'>amicos</span> <span class='ocrx_word' id='word_1_130' title='bbox 650 2132 1226 2147; x_wconf 88' lang='lat'><strong>.................</strong></span> <span class='ocrx_word' id='word_1_131' title='bbox 1270 2097 1305 2146; x_wconf 88' lang='grc'>33</span> 
     </span>
     <span class='ocr_line' id='line_1_20' title="bbox 128 2179 1304 2250; baseline -0.001 -17"><span class='ocrx_word' id='word_1_132' title='bbox 128 2186 164 2235; x_wconf 88' lang='grc'>46</span> <span class='ocrx_word' id='word_1_133' title='bbox 228 2180 309 2250; x_wconf 87' lang='lat' dir='ltr'>(Xll).</span> <span class='ocrx_word' id='word_1_134' title='bbox 326 2179 424 2234; x_wconf 90' lang='lat' dir='ltr'>Pullus</span> <span class='ocrx_word' id='word_1_135' title='bbox 442 2179 478 2234; x_wconf 84' lang='lat' dir='ltr'>ad</span> <span class='ocrx_word' id='word_1_136' title='bbox 496 2179 680 2248; x_wconf 82' lang='lat' dir='ltr'>margaritam</span> <span class='ocrx_word' id='word_1_137' title='bbox 687 2221 1228 2237; x_wconf 87' lang='grc'><strong>................</strong></span> <span class='ocrx_word' id='word_1_138' title='bbox 1271 2186 1304 2234; x_wconf 90' lang='grc'>33</span> 
     </span>
     <span class='ocr_line' id='line_1_21' title="bbox 130 2267 1306 2340; baseline -0.001 -17"><span class='ocrx_word' id='word_1_139' title='bbox 130 2275 166 2325; x_wconf 93' lang='grc'>47</span> <span class='ocrx_word' id='word_1_140' title='bbox 216 2268 311 2340; x_wconf 87' lang='lat' dir='ltr'><strong>(XIII).</strong></span> <span class='ocrx_word' id='word_1_141' title='bbox 332 2270 406 2338; x_wconf 88' lang='lat' dir='ltr'>Apes</span> <span class='ocrx_word' id='word_1_142' title='bbox 426 2269 456 2323; x_wconf 90' lang='lat' dir='ltr'>et</span> <span class='ocrx_word' id='word_1_143' title='bbox 473 2267 532 2324; x_wconf 90' lang='lat' dir='ltr'>fuci</span> <span class='ocrx_word' id='word_1_144' title='bbox 550 2285 636 2338; x_wconf 86' lang='lat' dir='ltr'>vespa</span> <span class='ocrx_word' id='word_1_145' title='bbox 653 2268 747 2323; x_wconf 89' lang='lat' dir='ltr'>indice</span> <span class='ocrx_word' id='word_1_146' title='bbox 757 2310 1228 2326; x_wconf 88' lang='grc'><strong>..............</strong></span> <span class='ocrx_word' id='word_1_147' title='bbox 1271 2274 1306 2324; x_wconf 88' lang='grc'>34</span> 
     </span>
     <span class='ocr_line' id='line_1_22' title="bbox 129 2356 1305 2428; baseline 0.001 -17"><span class='ocrx_word' id='word_1_148' title='bbox 129 2362 165 2412; x_wconf 89' lang='grc'>48</span> <span class='ocrx_word' id='word_1_149' title='bbox 214 2356 311 2428; x_wconf 82' lang='lat' dir='ltr'>(XIV).</span> <span class='ocrx_word' id='word_1_150' title='bbox 330 2357 372 2411; x_wconf 90' lang='lat' dir='ltr'>De</span> <span class='ocrx_word' id='word_1_151' title='bbox 390 2357 454 2411; x_wconf 90' lang='lat' dir='ltr'>lusu</span> <span class='ocrx_word' id='word_1_152' title='bbox 473 2358 502 2412; x_wconf 88' lang='grc'>33</span> <span class='ocrx_word' id='word_1_153' title='bbox 520 2357 672 2413; x_wconf 86' lang='lat' dir='ltr'>severitate</span> <span class='ocrx_word' id='word_1_154' title='bbox 685 2400 1228 2414; x_wconf 86' lang='grc'><strong>................</strong></span> <span class='ocrx_word' id='word_1_155' title='bbox 1271 2364 1305 2413; x_wconf 90' lang='grc'>36</span> 
     </span>
     <span class='ocr_line' id='line_1_23' title="bbox 128 2444 1304 2517; baseline -0.001 -16"><span class='ocrx_word' id='word_1_156' title='bbox 128 2453 165 2502; x_wconf 85' lang='grc'>49</span> <span class='ocrx_word' id='word_1_157' title='bbox 211 2446 307 2517; x_wconf 82' lang='lat' dir='ltr'>(XVI).</span> <span class='ocrx_word' id='word_1_158' title='bbox 327 2444 430 2501; x_wconf 77' lang='lat' dir='ltr'>Cicada</span> <span class='ocrx_word' id='word_1_159' title='bbox 449 2449 479 2501; x_wconf 91' lang='lat' dir='ltr'>et</span> <span class='ocrx_word' id='word_1_160' title='bbox 496 2446 600 2501; x_wconf 89' lang='lat' dir='ltr'>noctua</span> <span class='ocrx_word' id='word_1_161' title='bbox 612 2488 1227 2503; x_wconf 89' lang='grc'><strong><em>..................</em></strong></span> <span class='ocrx_word' id='word_1_162' title='bbox 1270 2453 1304 2501; x_wconf 89' lang='grc'>36</span> 
     </span>
     <span class='ocr_line' id='line_1_24' title="bbox 130 2533 1303 2605; baseline -0.001 -16"><span class='ocrx_word' id='word_1_163' title='bbox 130 2541 165 2591; x_wconf 97' lang='grc'>60</span> <span class='ocrx_word' id='word_1_164' title='bbox 198 2535 306 2605; x_wconf 87' lang='lat' dir='ltr'>(XVII).</span> <span class='ocrx_word' id='word_1_165' title='bbox 326 2535 446 2590; x_wconf 84' lang='lat' dir='ltr'>Arbores</span> <span class='ocrx_word' id='word_1_166' title='bbox 464 2533 494 2589; x_wconf 91' lang='lat' dir='ltr'>in</span> <span class='ocrx_word' id='word_1_167' title='bbox 513 2535 628 2589; x_wconf 88' lang='lat' dir='ltr'>deorum</span> <span class='ocrx_word' id='word_1_168' title='bbox 646 2534 738 2589; x_wconf 89' lang='grc'><strong>333313</strong></span> <span class='ocrx_word' id='word_1_169' title='bbox 756 2577 1228 2592; x_wconf 86' lang='grc'><strong>..............</strong></span> <span class='ocrx_word' id='word_1_170' title='bbox 1270 2541 1303 2590; x_wconf 92' lang='grc'>37</span> 
     </span>
     <span class='ocr_line' id='line_1_25' title="bbox 130 2622 1303 2696; baseline -0.001 -18"><span class='ocrx_word' id='word_1_171' title='bbox 130 2630 164 2679; x_wconf 92' lang='grc'>61</span> <span class='ocrx_word' id='word_1_172' title='bbox 185 2624 306 2696; x_wconf 83' lang='lat' dir='ltr'>(XVHl).</span> <span class='ocrx_word' id='word_1_173' title='bbox 325 2624 403 2679; x_wconf 84' lang='lat' dir='ltr'>Pavo</span> <span class='ocrx_word' id='word_1_174' title='bbox 421 2623 458 2678; x_wconf 85' lang='lat' dir='ltr'>ad</span> <span class='ocrx_word' id='word_1_175' title='bbox 477 2625 611 2678; x_wconf 90' lang='lat' dir='ltr'>Iunonem</span> <span class='ocrx_word' id='word_1_176' title='bbox 630 2622 665 2678; x_wconf 95' lang='lat' dir='ltr'>de</span> <span class='ocrx_word' id='word_1_177' title='bbox 683 2640 752 2679; x_wconf 84' lang='lat' dir='ltr'>voce</span> <span class='ocrx_word' id='word_1_178' title='bbox 773 2641 823 2679; x_wconf 93' lang='lat' dir='ltr'>sua</span> <span class='ocrx_word' id='word_1_179' title='bbox 830 2665 1227 2681; x_wconf 86' lang='grc'><strong><em>............</em></strong></span> <span class='ocrx_word' id='word_1_180' title='bbox 1270 2630 1303 2678; x_wconf 87' lang='grc'>37</span> 
     </span>
     <span class='ocr_line' id='line_1_26' title="bbox 131 2711 1305 2785; baseline -0.001 -18"><span class='ocrx_word' id='word_1_181' title='bbox 131 2719 165 2768; x_wconf 90' lang='grc'>62</span> <span class='ocrx_word' id='word_1_182' title='bbox 215 2713 310 2785; x_wconf 85' lang='lat' dir='ltr'>(XIX).</span> <span class='ocrx_word' id='word_1_183' title='bbox 329 2712 457 2784; x_wconf 85' lang='lat' dir='ltr'>Aesopus</span> <span class='ocrx_word' id='word_1_184' title='bbox 475 2713 625 2783; x_wconf 85' lang='lat' dir='ltr'>respondet</span> <span class='ocrx_word' id='word_1_185' title='bbox 642 2711 756 2781; x_wconf 78' lang='lat' dir='ltr'>garrulo</span> <span class='ocrx_word' id='word_1_186' title='bbox 794 2755 1228 2770; x_wconf 92' lang='grc'><strong>.............</strong></span> <span class='ocrx_word' id='word_1_187' title='bbox 1271 2717 1305 2767; x_wconf 88' lang='grc'>38</span> 
     </span>
    </p>
   </div>
   <div class='ocr_carea' id='block_1_7' title="bbox 624 2933 808 2995">
    <p class='ocr_par' dir='ltr' id='par_1_7' title="bbox 624 2933 808 2995">
     <span class='ocr_line' id='line_1_27' title="bbox 624 2933 808 2995; baseline 0.022 -4"><span class='ocrx_word' id='word_1_188' title='bbox 624 2933 734 2994; x_wconf 87' lang='lat' dir='ltr'>Liber</span> <span class='ocrx_word' id='word_1_189' title='bbox 755 2933 808 2995; x_wconf 90' lang='lat' dir='ltr'>IV.</span> 
     </span>
    </p>
   </div>
   <div class='ocr_carea' id='block_1_8' title="bbox 45 3030 1304 3104">
    <p class='ocr_par' dir='ltr' id='par_1_8' title="bbox 45 3030 1304 3104">
     <span class='ocr_line' id='line_1_28' title="bbox 45 3030 1304 3104; baseline 0 -20"><span class='ocrx_word' id='word_1_190' title='bbox 45 3038 47 3043; x_wconf 84' lang='lat'>&#39;</span> <span class='ocrx_word' id='word_1_191' title='bbox 130 3038 164 3088; x_wconf 90' lang='grc'>63</span> <span class='ocrx_word' id='word_1_192' title='bbox 248 3033 291 3104; x_wconf 92' lang='grc' dir='ltr'>(Ι).</span> <span class='ocrx_word' id='word_1_193' title='bbox 311 3030 414 3086; x_wconf 84' lang='lat' dir='ltr'>Asinus</span> <span class='ocrx_word' id='word_1_194' title='bbox 433 3034 463 3086; x_wconf 93' lang='grc'>33</span> <span class='ocrx_word' id='word_1_195' title='bbox 481 3031 556 3085; x_wconf 84' lang='lat' dir='ltr'>Galli</span> <span class='ocrx_word' id='word_1_196' title='bbox 580 3071 1228 3089; x_wconf 89' lang='grc'><strong><em>...................</em></strong></span> <span class='ocrx_word' id='word_1_197' title='bbox 1271 3036 1304 3086; x_wconf 88' lang='grc'>30</span> 
     </span>
    </p>
   </div>
   <div class='ocr_carea' id='block_1_9' title="bbox 128 3118 1307 4436">
    <p class='ocr_par' dir='ltr' id='par_1_9' title="bbox 128 3118 1307 4436">
     <span class='ocr_line' id='line_1_29' title="bbox 130 3118 1304 3191; baseline -0.001 -17"><span class='ocrx_word' id='word_1_198' title='bbox 130 3125 167 3175; x_wconf 88' lang='grc'><strong>64</strong></span> <span class='ocrx_word' id='word_1_199' title='bbox 239 3120 295 3191; x_wconf 87' lang='grc' dir='ltr'>(ΙΙ).</span> <span class='ocrx_word' id='word_1_200' title='bbox 314 3119 410 3175; x_wconf 88' lang='grc' dir='ltr'><strong>Ρο333.</strong></span> <span class='ocrx_word' id='word_1_201' title='bbox 448 3119 489 3172; x_wconf 90' lang='lat' dir='ltr'>De</span> <span class='ocrx_word' id='word_1_202' title='bbox 508 3118 631 3174; x_wconf 79' lang='lat' dir='ltr'>mustela</span> <span class='ocrx_word' id='word_1_203' title='bbox 649 3122 679 3174; x_wconf 90' lang='lat' dir='ltr'>et</span> <span class='ocrx_word' id='word_1_204' title='bbox 696 3119 822 3175; x_wconf 89' lang='lat' dir='ltr'>muribus</span> <span class='ocrx_word' id='word_1_205' title='bbox 829 3161 1227 3176; x_wconf 86' lang='grc'><strong>............</strong></span> <span class='ocrx_word' id='word_1_206' title='bbox 1269 3124 1304 3179; x_wconf 91' lang='grc'><strong>40</strong></span> 
     </span>
     <span class='ocr_line' id='line_1_30' title="bbox 130 3207 1302 3278; baseline 0.001 -16"><span class='ocrx_word' id='word_1_207' title='bbox 130 3213 165 3264; x_wconf 89' lang='grc'>66</span> <span class='ocrx_word' id='word_1_208' title='bbox 222 3207 1047 3278; x_wconf 75' lang='lat' dir='ltr'>(HI).Devulpeetuva............;</span> <span class='ocrx_word' id='word_1_209' title='bbox 1075 3249 1226 3264; x_wconf 88' lang='grc'><strong>.....</strong></span> <span class='ocrx_word' id='word_1_210' title='bbox 1268 3212 1302 3261; x_wconf 92' lang='grc'>41</span> 
     </span>
     <span class='ocr_line' id='line_1_31' title="bbox 131 3296 1302 3369; baseline 0 -18"><span class='ocrx_word' id='word_1_211' title='bbox 131 3304 165 3352; x_wconf 93' lang='grc'>66</span> <span class='ocrx_word' id='word_1_212' title='bbox 223 3296 292 3369; x_wconf 90' lang='lat' dir='ltr'>(IV).</span> <span class='ocrx_word' id='word_1_213' title='bbox 311 3298 408 3366; x_wconf 84' lang='lat' dir='ltr'>Equus</span> <span class='ocrx_word' id='word_1_214' title='bbox 427 3299 456 3352; x_wconf 92' lang='lat' dir='ltr'>et</span> <span class='ocrx_word' id='word_1_215' title='bbox 474 3313 542 3367; x_wconf 86' lang='lat' dir='ltr'>aper</span> <span class='ocrx_word' id='word_1_216' title='bbox 578 3337 1227 3353; x_wconf 85' lang='grc'><strong>...................</strong></span> <span class='ocrx_word' id='word_1_217' title='bbox 1269 3301 1302 3351; x_wconf 92' lang='grc'>41</span> 
     </span>
     <span class='ocr_line' id='line_1_32' title="bbox 130 3384 1303 3458; baseline -0.002 -18"><span class='ocrx_word' id='word_1_218' title='bbox 130 3393 164 3442; x_wconf 91' lang='grc'><strong>67</strong></span> <span class='ocrx_word' id='word_1_219' title='bbox 224 3386 293 3458; x_wconf 79' lang='lat' dir='ltr'>(vl).</span> <span class='ocrx_word' id='word_1_220' title='bbox 312 3387 412 3456; x_wconf 83' lang='lat' dir='ltr'>Pugna</span> <span class='ocrx_word' id='word_1_221' title='bbox 430 3384 550 3440; x_wconf 88' lang='lat' dir='ltr'>murium</span> <span class='ocrx_word' id='word_1_222' title='bbox 569 3387 598 3440; x_wconf 89' lang='lat' dir='ltr'>et</span> <span class='ocrx_word' id='word_1_223' title='bbox 616 3385 799 3439; x_wconf 87' lang='lat' dir='ltr'>mustelarum</span> <span class='ocrx_word' id='word_1_224' title='bbox 827 3426 1227 3442; x_wconf 90' lang='grc'><strong>............</strong></span> <span class='ocrx_word' id='word_1_225' title='bbox 1268 3390 1303 3439; x_wconf 89' lang='grc'>42</span> 
     </span>
     <span class='ocr_line' id='line_1_33' title="bbox 130 3458 1305 3547; baseline -0.003 -17"><span class='ocrx_word' id='word_1_226' title='bbox 130 3481 165 3531; x_wconf 88' lang='grc'><strong>68</strong></span> <span class='ocrx_word' id='word_1_227' title='bbox 211 3458 293 3547; x_wconf 79' lang='lat' dir='ltr'>(vn).</span> <span class='ocrx_word' id='word_1_228' title='bbox 312 3475 456 3529; x_wconf 90' lang='lat' dir='ltr'>Phaedrus</span> <span class='ocrx_word' id='word_1_229' title='bbox 471 3514 1229 3530; x_wconf 86' lang='grc'><strong>......................</strong></span> <span class='ocrx_word' id='word_1_230' title='bbox 1271 3479 1305 3528; x_wconf 88' lang='grc'>43</span> 
     </span>
     <span class='ocr_line' id='line_1_34' title="bbox 130 3560 1307 3636; baseline -0.002 -18"><span class='ocrx_word' id='word_1_231' title='bbox 130 3570 166 3620; x_wconf 88' lang='grc'><strong>60</strong></span> <span class='ocrx_word' id='word_1_232' title='bbox 199 3564 295 3636; x_wconf 84' lang='lat' dir='ltr'><strong>(VIII).</strong></span> <span class='ocrx_word' id='word_1_233' title='bbox 314 3563 434 3633; x_wconf 82' lang='lat' dir='ltr'>Serpens</span> <span class='ocrx_word' id='word_1_234' title='bbox 454 3563 490 3618; x_wconf 91' lang='lat' dir='ltr'>ad</span> <span class='ocrx_word' id='word_1_235' title='bbox 507 3562 620 3618; x_wconf 86' lang='lat' dir='ltr'>fabrum</span> <span class='ocrx_word' id='word_1_236' title='bbox 637 3560 785 3617; x_wconf 86' lang='lat' dir='ltr'>ferrarium</span> <span class='ocrx_word' id='word_1_237' title='bbox 795 3604 1230 3619; x_wconf 86' lang='grc'><strong>.............</strong></span> <span class='ocrx_word' id='word_1_238' title='bbox 1272 3567 1307 3617; x_wconf 93' lang='grc'>46</span> 
     </span>
     <span class='ocr_line' id='line_1_35' title="bbox 133 3652 1306 3722; baseline 0 -15"><span class='ocrx_word' id='word_1_239' title='bbox 133 3658 168 3708; x_wconf 89' lang='grc'>60</span> <span class='ocrx_word' id='word_1_240' title='bbox 227 3652 296 3722; x_wconf 82' lang='lat' dir='ltr'>(IX).</span> <span class='ocrx_word' id='word_1_241' title='bbox 315 3653 423 3721; x_wconf 90' lang='lat' dir='ltr'>Vulpes</span> <span class='ocrx_word' id='word_1_242' title='bbox 442 3654 472 3707; x_wconf 91' lang='grc'>33</span> <span class='ocrx_word' id='word_1_243' title='bbox 490 3667 574 3722; x_wconf 90' lang='lat' dir='ltr'>caper</span> <span class='ocrx_word' id='word_1_244' title='bbox 579 3692 1229 3710; x_wconf 87' lang='grc'><strong>...................</strong></span> <span class='ocrx_word' id='word_1_245' title='bbox 1271 3655 1306 3705; x_wconf 88' lang='grc'>46</span> 
     </span>
     <span class='ocr_line' id='line_1_36' title="bbox 131 3739 1305 3810; baseline -0.002 -15"><span class='ocrx_word' id='word_1_246' title='bbox 131 3747 166 3798; x_wconf 91' lang='grc'>61</span> <span class='ocrx_word' id='word_1_247' title='bbox 240 3741 296 3810; x_wconf 84' lang='lat' dir='ltr'>(X).</span> <span class='ocrx_word' id='word_1_248' title='bbox 315 3739 357 3796; x_wconf 92' lang='grc'>113</span> <span class='ocrx_word' id='word_1_249' title='bbox 375 3740 453 3795; x_wconf 87' lang='lat' dir='ltr'>vitiis</span> <span class='ocrx_word' id='word_1_250' title='bbox 472 3740 618 3796; x_wconf 87' lang='lat' dir='ltr'>hominnm</span> <span class='ocrx_word' id='word_1_251' title='bbox 651 3781 1229 3797; x_wconf 86' lang='grc'><strong>.................</strong></span> <span class='ocrx_word' id='word_1_252' title='bbox 1271 3744 1305 3793; x_wconf 86' lang='grc'>46</span> 
     </span>
     <span class='ocr_line' id='line_1_37' title="bbox 129 3828 1305 3900; baseline -0.002 -16"><span class='ocrx_word' id='word_1_253' title='bbox 129 3837 165 3886; x_wconf 87' lang='grc'>63</span> <span class='ocrx_word' id='word_1_254' title='bbox 224 3829 292 3900; x_wconf 83' lang='lat' dir='ltr'><strong>(XI).</strong></span> <span class='ocrx_word' id='word_1_255' title='bbox 311 3828 368 3884; x_wconf 83' lang='lat' dir='ltr'>Fur</span> <span class='ocrx_word' id='word_1_256' title='bbox 386 3830 416 3884; x_wconf 91' lang='lat' dir='ltr'>et</span> <span class='ocrx_word' id='word_1_257' title='bbox 433 3829 548 3884; x_wconf 79' lang='lat' dir='ltr'>lucerna</span> <span class='ocrx_word' id='word_1_258' title='bbox 584 3869 1227 3887; x_wconf 85' lang='grc'><strong>...................</strong></span> <span class='ocrx_word' id='word_1_259' title='bbox 1270 3832 1305 3882; x_wconf 91' lang='grc'>46</span> 
     </span>
     <span class='ocr_line' id='line_1_38' title="bbox 129 3917 1305 3989; baseline -0.003 -16"><span class='ocrx_word' id='word_1_260' title='bbox 129 3925 165 3976; x_wconf 90' lang='grc'>63</span> <span class='ocrx_word' id='word_1_261' title='bbox 211 3917 293 3989; x_wconf 84' lang='lat' dir='ltr'>(XII).</span> <span class='ocrx_word' id='word_1_262' title='bbox 313 3917 403 3972; x_wconf 82' lang='lat' dir='ltr'>Malos</span> <span class='ocrx_word' id='word_1_263' title='bbox 423 3933 484 3972; x_wconf 91' lang='lat' dir='ltr'>esse</span> <span class='ocrx_word' id='word_1_264' title='bbox 503 3917 617 3973; x_wconf 86' lang='lat' dir='ltr'>divitias</span> <span class='ocrx_word' id='word_1_265' title='bbox 651 3957 1229 3974; x_wconf 87' lang='grc'><strong>.................</strong></span> <span class='ocrx_word' id='word_1_266' title='bbox 1270 3920 1305 3970; x_wconf 92' lang='grc'><strong>47</strong></span> 
     </span>
     <span class='ocr_line' id='line_1_39' title="bbox 128 4005 1306 4078; baseline -0.002 -17"><span class='ocrx_word' id='word_1_267' title='bbox 128 4013 167 4064; x_wconf 90' lang='grc'>64</span> <span class='ocrx_word' id='word_1_268' title='bbox 200 4007 295 4078; x_wconf 84' lang='lat' dir='ltr'>(XVI).</span> <span class='ocrx_word' id='word_1_269' title='bbox 314 4005 357 4061; x_wconf 92' lang='lat' dir='ltr'>De</span> <span class='ocrx_word' id='word_1_270' title='bbox 375 4006 467 4076; x_wconf 88' lang='lat' dir='ltr'>capris</span> <span class='ocrx_word' id='word_1_271' title='bbox 486 4005 612 4062; x_wconf 87' lang='lat' dir='ltr'>barbatis</span> <span class='ocrx_word' id='word_1_272' title='bbox 650 4045 1229 4063; x_wconf 86' lang='grc'><strong>.................</strong></span> <span class='ocrx_word' id='word_1_273' title='bbox 1271 4008 1306 4057; x_wconf 88' lang='grc'>48</span> 
     </span>
     <span class='ocr_line' id='line_1_40' title="bbox 130 4093 1306 4166; baseline -0.002 -17"><span class='ocrx_word' id='word_1_274' title='bbox 130 4101 165 4152; x_wconf 89' lang='grc'>66</span> <span class='ocrx_word' id='word_1_275' title='bbox 185 4095 296 4166; x_wconf 83' lang='lat' dir='ltr'>(XVII).</span> <span class='ocrx_word' id='word_1_276' title='bbox 314 4094 356 4149; x_wconf 90' lang='lat' dir='ltr'>De</span> <span class='ocrx_word' id='word_1_277' title='bbox 375 4093 496 4150; x_wconf 87' lang='lat' dir='ltr'>fortunis</span> <span class='ocrx_word' id='word_1_278' title='bbox 514 4094 659 4149; x_wconf 90' lang='lat' dir='ltr'>hominum</span> <span class='ocrx_word' id='word_1_279' title='bbox 693 4135 1229 4151; x_wconf 90' lang='grc'><strong>................</strong></span> <span class='ocrx_word' id='word_1_280' title='bbox 1271 4097 1306 4147; x_wconf 92' lang='grc'>48</span> 
     </span>
     <span class='ocr_line' id='line_1_41' title="bbox 129 4182 1306 4256; baseline -0.002 -17"><span class='ocrx_word' id='word_1_281' title='bbox 129 4191 165 4241; x_wconf 92' lang='grc'>66</span> <span class='ocrx_word' id='word_1_282' title='bbox 201 4184 297 4256; x_wconf 83' lang='lat' dir='ltr'>(XIX).</span> <span class='ocrx_word' id='word_1_283' title='bbox 318 4184 445 4254; x_wconf 84' lang='lat' dir='ltr'>Serpens.</span> <span class='ocrx_word' id='word_1_284' title='bbox 482 4182 677 4239; x_wconf 87' lang='lat' dir='ltr'>Misericordia</span> <span class='ocrx_word' id='word_1_285' title='bbox 695 4182 797 4239; x_wconf 84' lang='lat' dir='ltr'>nociva</span> <span class='ocrx_word' id='word_1_286' title='bbox 830 4222 1229 4238; x_wconf 92' lang='grc'><strong>............</strong></span> <span class='ocrx_word' id='word_1_287' title='bbox 1271 4186 1306 4234; x_wconf 89' lang='grc'>48</span> 
     </span>
     <span class='ocr_line' id='line_1_42' title="bbox 129 4272 1306 4345; baseline -0.005 -16"><span class='ocrx_word' id='word_1_288' title='bbox 129 4279 164 4329; x_wconf 87' lang='grc'>67</span> <span class='ocrx_word' id='word_1_289' title='bbox 210 4273 293 4345; x_wconf 87' lang='lat' dir='ltr'>(XX).</span> <span class='ocrx_word' id='word_1_290' title='bbox 315 4272 420 4343; x_wconf 89' lang='lat' dir='ltr'>Vulpes</span> <span class='ocrx_word' id='word_1_291' title='bbox 440 4274 470 4327; x_wconf 92' lang='lat' dir='ltr'>et</span> <span class='ocrx_word' id='word_1_292' title='bbox 488 4272 572 4328; x_wconf 87' lang='lat' dir='ltr'>draco</span> <span class='ocrx_word' id='word_1_293' title='bbox 579 4311 1229 4329; x_wconf 90' lang='grc'><strong>...................</strong></span> <span class='ocrx_word' id='word_1_294' title='bbox 1270 4274 1306 4323; x_wconf 86' lang='grc'>40</span> 
     </span>
     <span class='ocr_line' id='line_1_43' title="bbox 128 4361 1307 4436; baseline -0.003 -18"><span class='ocrx_word' id='word_1_295' title='bbox 128 4368 165 4418; x_wconf 89' lang='grc'>68</span> <span class='ocrx_word' id='word_1_296' title='bbox 185 4362 294 4436; x_wconf 84' lang='lat' dir='ltr'><strong>(XXII).</strong></span> <span class='ocrx_word' id='word_1_297' title='bbox 313 4363 355 4418; x_wconf 91' lang='lat' dir='ltr'>De</span> <span class='ocrx_word' id='word_1_298' title='bbox 375 4361 518 4418; x_wconf 89' lang='lat' dir='ltr'>Simonide</span> <span class='ocrx_word' id='word_1_299' title='bbox 551 4400 1231 4418; x_wconf 87' lang='grc'><strong>....................</strong></span> <span class='ocrx_word' id='word_1_300' title='bbox 1274 4364 1307 4414; x_wconf 94' lang='grc'>60</span> 
     </span>
    </p>
   </div>
   <div class='ocr_carea' id='block_1_10' title="bbox 0 0 1444 4756">
    <p class='ocr_par' dir='ltr' id='par_1_10' title="bbox 0 0 1444 4756">
     <span class='ocr_line' id='line_1_44' title="bbox 0 0 1444 4756; baseline 0 0"><span class='ocrx_word' id='word_1_301' title='bbox 0 0 1444 4756; x_wconf 95' lang='lat' dir='ltr'> </span> 
     </span>
    </p>
   </div>
  </div>
 </body>
</html>
